
@article{Maldacena_2021,
   title={Comments on magnetic black holes},
   volume={2021},
   ISSN={1029-8479},
   url={http://dx.doi.org/10.1007/JHEP04(2021)079},
   DOI={10.1007/jhep04(2021)079},
   number={4},
   journal={Journal of High Energy Physics},
   publisher="{Springer Science and Business Media LLC}",
   author={Maldacena, Juan},
   year="2021",
   month={4}
}

@article{Dirac:1931kp,
    author = "Dirac, Paul Adrien Maurice",
    title = "{Quantised singularities in the electromagnetic field}",
    reportNumber = "RX-722",
    doi = "10.1098/rspa.1931.0130",
    journal = "Proc. Roy. Soc. Lond. A",
    volume = "133",
    number = "821",
    pages = "60--72",
    year = "1931"
}

@book{Jackson:100964,
      author        = "Jackson, John David",
      title         = "{Classical electrodynamics; 2nd ed.}",
      publisher     = "Wiley",
      address       = "New York, NY",
      year          = "1975",
      url           = "https://cds.cern.ch/record/100964"
}

@book{Sakurai:1167961,
      author        = "Sakurai, Jun John",
      title         = "{Modern quantum mechanics; rev. ed.}",
      publisher     = "Addison-Wesley",
      address       = "Reading, MA",
      year          = "1994",
      url           = "https://cds.cern.ch/record/1167961"
}

@book{Weinberg:100595,
      author        = "Weinberg, Steven",
      title         = "{Gravitation and Cosmology: Principles and Applications of
                       the General Theory of Relativity}",
      publisher     = "Wiley",
      address       = "New York, NY",
      year          = "1972",
      url           = "https://cds.cern.ch/record/100595",
}

@book{Susskind:2005js,
    author = "Susskind, L. and Lindesay, J.",
    title = "{An introduction to black holes, information and the string theory revolution: The holographic universe}",
    year = "2005"
}

@article{PhysRevLett.51.605,
  title = {Fractional Quantization of the Hall Effect: A Hierarchy of Incompressible Quantum Fluid States},
  author = {Haldane, F. D. M.},
  journal = {Phys. Rev. Lett.},
  volume = {51},
  issue = {7},
  pages = {605--608},
  numpages = {0},
  year = {1983},
  month = {8},
  publisher = {American Physical Society},
  doi = {10.1103/PhysRevLett.51.605},
  url = {https://link.aps.org/doi/10.1103/PhysRevLett.51.605}
}

@article{RevModPhys.34.829,
  title = {On the Representations of the Rotation Group},
  author = {Bargmann, V.},
  journal = {Rev. Mod. Phys.},
  volume = {34},
  issue = {4},
  pages = {829--845},
  numpages = {0},
  year = {1962},
  month = {Oct},
  publisher = {American Physical Society},
  doi = {10.1103/RevModPhys.34.829},
  url = {https://link.aps.org/doi/10.1103/RevModPhys.34.829}
}

@book{kosmann2009groups,
  title={Groups and Symmetries: From Finite Groups to Lie Groups},
  author={Kosmann-Schwarzbach, Y. and Singer, S.F.},
  isbn={9780387788661},
  lccn={2009937461},
  series={Universitext},
  url={https://books.google.com.cy/books?id=8Aa4uS6ZcJEC},
  year={2009},
  publisher={Springer New York}
}

@book{Peskin:1995ev,
    author = "Peskin, Michael E. and Schroeder, Daniel V.",
    title = "{An Introduction to quantum field theory}",
    isbn = "978-0-201-50397-5",
    publisher = "Addison-Wesley",
    %address = "Reading, USA",
    year = "1995"
}

@book{itzykson2012quantum,
  title={Quantum Field Theory},
  author={Itzykson, C. and Zuber, J.B.},
  isbn={9780486134697},
  series={Dover Books on Physics},
  url={https://books.google.com.cy/books?id=CxYCMNrUnTEC},
  year={2012},
  publisher={Dover Publications},
}

@book{Griffiths:111880,
      author        = "Griffiths, David J",
      title         = "{Introduction to elementary particles; 2nd rev. version}",
      publisher     = "Wiley",
      address       = "New York, NY",
      series        = "Physics textbook",
      year          = "2008",
      url           = "https://cds.cern.ch/record/111880",
}

@book{griffiths_qm,
title={Introduction to Quantum Mechanics},
edition={2},
author={David J. Griffiths}, 
year={2004}
}

@book{coleman_1985, 
place={Cambridge}, 
title={Aspects of Symmetry: Selected Erice Lectures}, DOI={10.1017/CBO9780511565045}, 
publisher={Cambridge University Press}, 
author={Coleman, Sidney}, 
year={1985}
}

@inbook{weinberg_1996, 
    title="{SPONTANEOUSLY BROKEN GLOBAL SYMMETRIES}", 
    place={Cambridge}, 
    volume={2}, 
    DOI={10.1017/CBO9781139644174.007}, 
    booktitle={The Quantum Theory of Fields}, 
    publisher={Cambridge University Press}, 
    author={Weinberg, Steven}, 
    year={1996}, 
    pages={163–251}
  }

@article{Corben:1940zz,
    author = "Corben, H. C. and Schwinger, Julian",
    title = "{The Electromagnetic Properties of Mesotrons}",
    doi = "10.1103/PhysRev.58.953",
    journal = "Phys. Rev.",
    volume = "58",
    pages = "953--968",
    year = "1940"
}

@article{ambjornTheoryAndApplications,
author = {AMBJØRN, J. and OLESEN, P.},
title = {ELECTROWEAK MAGNETISM: THEORY AND APPLICATIONS},
journal = {International Journal of Modern Physics A},
volume = {05},
number = {23},
pages = {4525-4557},
year = {1990},
doi = {10.1142/S0217751X90001914},
URL = {https://doi.org/10.1142/S0217751X90001914},
eprint = { https://doi.org/10.1142/S0217751X90001914}
}

@article{AMBJORN1990193,
title = {A condensate solution of the electroweak theory which interpolates between the broken and the symmetric phase},
journal = {Nuclear Physics B},
volume = {330},
number = {1},
pages = {193-204},
year = {1990},
issn = {0550-3213},
doi = {https://doi.org/10.1016/0550-3213(90)90307-Y},
url = {https://www.sciencedirect.com/science/article/pii/055032139090307Y},
author = {J. Ambjørn and P. Olesen}
}

@book{Carroll2003-CARSAG-3,
	publisher = {San Francisco, USA: Pearson},
	author = {Sean M. Carroll},
	year = {2003},
	title = {Spacetime and Geometry: An Introduction to General Relativity}
}

@article{Maldacena2018TraversableWI,
  title={Traversable wormholes in four dimensions},
  author={Juan Martin Maldacena and Alexey Milekhin and Fedor K. Popov},
  journal={arXiv: High Energy Physics - Theory},
  year={2018}
}

@article{chernodub,
author = {Chernodub, Maxim},
year = {2014},
month = {06},
pages = {},
title = {Superconducting properties of vacuum in strong magnetic field},
volume = {23},
journal = {International Journal of Modern Physics D},
doi = {10.1142/S0218271814300092}
}

@article{PhysRevD.45.3833,
  title = {Structure of the ground state of the electroweak gauge theory in a strong magnetic field},
  author = {MacDowell, Samuel W. and T\"ornkvist, Ola},
  journal = {Phys. Rev. D},
  volume = {45},
  issue = {10},
  pages = {3833--3844},
  numpages = {0},
  year = {1992},
  month = {5},
  publisher = {American Physical Society},
  doi = {10.1103/PhysRevD.45.3833},
  url = {https://link.aps.org/doi/10.1103/PhysRevD.45.3833}
}